  
@misc{basgall, 
   title={Bits of corruption }, 
   url={https://deixismagazine.org/2015/07/bits-of-corruption/}, 
   journal={Deixis Online - Computational Science at the National Laboratories}, 
   author={Basgall, Monte}, 
   year={2015}, 
   month={Jul}
}
@misc{galbraith, 
   title={Data corruption - the silent killer (aka Cosmic Rays are Baaaad mmmkay?)}, 
   url={https://tekhead.it/blog/2016/06/data-corruption-the-silent-killer/}, 
   journal={Tekhead.it}, 
   author={Galbraith, Alex}, 
   year={2016}, 
   month={Sep}
} 

 @misc{jidan, 
   title={How do you write a matrix multiplication in latex?}, 
   url={https://www.physicsread.com/latex-matrix-multiplication/}, 
   journal={Physicsread}, 
   author={Jidan}, 
   year={2022}, 
   month={Feb}
}  

@article{michalak,
  author={Michalak, S.E. and Harris, K.W. and Hengartner, N.W. and Takala, B.E. and Wender, S.A.},
  journal={IEEE Transactions on Device and Materials Reliability}, 
  title={Predicting the number of fatal soft errors in Los Alamos national laboratory's ASC Q supercomputer}, 
  year={2005},
  volume={5},
  number={3},
  pages={329-335},
  doi={10.1109/TDMR.2005.855685}
}
 @article{normand, 
   title={Single event upset at Ground Level}, 
   volume={43}, 
   DOI={10.1109/23.556861}, 
   number={6}, 
   journal={IEEE Transactions on Nuclear Science}, 
   author={Normand, Eugene}, 
   year={1996}, 
   pages={2742-2750}
 } 

@misc{scoles, 
   title={Cosmic Ray showers crash supercomputers. here's what to do about it}, 
   url={https://www.wired.com/story/cosmic-ray-showers-crash-supercomputers-heres-what-to-do-about-it/}, 
   journal={Wired}, 
   publisher={Conde Nast}, 
   author={Scoles, Sarah}, 
   year={2018}, 
   month={Jun}
}

 